<collection xmlns="http://www.loc.gov/MARC21/slim">
<record>
  <leader>01026nam0a22002291i 450 </leader>
  <controlfield tag="001">IT\ICCU\CNCE\023787</controlfield>
  <controlfield tag="005">19990216000000.0</controlfield>
  <datafield tag="012" ind1=" " ind2=" ">
    <subfield code="a">l-di e.e, a.a, ElDi (3) 1584 (A)</subfield>
    <subfield code="2">fei</subfield>
  </datafield>
  <datafield tag="100" ind1=" " ind2=" ">
    <subfield code="a">19970716d1584        0itac0103    ba</subfield>
  </datafield>
  <datafield tag="101" ind1=" " ind2=" ">
    <subfield code="a">ITA</subfield>
  </datafield>
  <datafield tag="102" ind1=" " ind2=" ">
    <subfield code="a">IT</subfield>
  </datafield>
  <datafield tag="200" ind1="1" ind2=" ">
    <subfield code="a">Della uita di S. Giosafat; conuertito da S. Barlaam heremita. Canti cinque. Composta per don Attilio Opezzinghi caualier palermitano ...</subfield>
  </datafield>
  <datafield tag="210" ind1=" " ind2=" ">
    <subfield code="a">In Palermo</subfield>
    <subfield code="c">per Gio. Francesco Carrara</subfield>
    <subfield code="d">1584</subfield>
  </datafield>
  <datafield tag="215" ind1=" " ind2=" ">
    <subfield code="a">193, \4! p.</subfield>
    <subfield code="d">8ʻ</subfield>
  </datafield>
  <datafield tag="620" ind1=" " ind2=" ">
    <subfield code="a">IT</subfield>
    <subfield code="d">Palermo</subfield>
  </datafield>
  <datafield tag="700" ind1=" " ind2="1">
    <subfield code="a">Opizinga,</subfield>
    <subfield code="b">Attilio</subfield>
    <subfield code="3">IT\ICCU\CNCA\006910</subfield>
  </datafield>
  <datafield tag="712" ind1="0" ind2="0">
    <subfield code="a">Carrara, Giovanni Francesco</subfield>
    <subfield code="3">IT\ICCU\CNCT\002226</subfield>
    <subfield code="4">650</subfield>
  </datafield>
  <datafield tag="790" ind1=" " ind2="1">
    <subfield code="a">Opezzinghi,</subfield>
    <subfield code="b">Attilio</subfield>
    <subfield code="3">IT\ICCU\CNCA\017754</subfield>
    <subfield code="z">Opizinga, Attilio</subfield>
  </datafield>
  <datafield tag="791" ind1="0" ind2="0">
    <subfield code="a">Carrara, Ioannes Franciscus</subfield>
    <subfield code="3">IT\ICCU\CNCT\004470</subfield>
    <subfield code="z">Carrara, Giovanni Francesco</subfield>
  </datafield>
  <datafield tag="791" ind1="0" ind2="0">
    <subfield code="a">Carrara, Franciscus</subfield>
    <subfield code="3">IT\ICCU\CNCT\004474</subfield>
    <subfield code="z">Carrara, Giovanni Francesco</subfield>
  </datafield>
  <datafield tag="801" ind1=" " ind2="3">
    <subfield code="a">IT</subfield>
    <subfield code="b">ICCU</subfield>
    <subfield code="c">20201114</subfield>
  </datafield>
  <datafield tag="899" ind1=" " ind2=" ">
    <subfield code="a">Biblioteca centrale della Regione siciliana Alberto Bombace. Palermo</subfield>
    <subfield code="1">PA0064</subfield>
    <subfield code="2">PAL BP</subfield>
  </datafield>
</record>
</collection>
